<?xml version="1.0" encoding="UTF-8"?>
<record xmlns="http://www.loc.gov/MARC21/slim" xmlns:xsi="http://www.w3.org/2001/XMLSchema-instance" xsi:schemaLocation="http://www.loc.gov/MARC21/slim http://www.loc.gov/standards/marcxml/schema/MARC21slim.xsd">
<leader>     nam a2200337   4500</leader>
<controlfield tag="001">001676885</controlfield>
<controlfield tag="003">NNU</controlfield>
<controlfield tag="005">20061010173153.0</controlfield>
<controlfield tag="008">951024s1962    le       b    000 0 ara</controlfield>
<datafield tag="010" ind1=" " ind2=" ">
<subfield code="a">ne 65001155 /rev</subfield>
</datafield>
<datafield tag="035" ind1="9" ind2=" ">
<subfield code="a">NYUb12220250</subfield>
</datafield>
<datafield tag="035" ind1=" " ind2=" ">
<subfield code="a">(NNU)NYUb12220250</subfield>
</datafield>
<datafield tag="040" ind1=" " ind2=" ">
<subfield code="c">NN</subfield>
<subfield code="d">NN</subfield>
<subfield code="d">CtY</subfield>
</datafield>
<datafield tag="050" ind1="0" ind2=" ">
<subfield code="a">PJ25</subfield>
<subfield code="b">.A6 no.39</subfield>
</datafield>
<datafield tag="066" ind1=" " ind2=" ">
<subfield code="c">(3</subfield>
</datafield>
<datafield tag="090" ind1=" " ind2=" ">
<subfield code="a">PJ25</subfield>
<subfield code="b">.A6 no.39</subfield>
</datafield>
<datafield tag="245" ind1="0" ind2="3">
<subfield code="6">880-01</subfield>
<subfield code="a">al-Fikr al-falsafī fī miʼat sanah /</subfield>
<subfield code="c">bi-qalam Khalīl al-Jurr ... [et al.] ; ashrafat ʻalá ikhrājihi Hayʼat al-Dirāsāt al-ʻArabīyah fī al-Jāmiʻah al-Amīrikīyah.</subfield>
</datafield>
<datafield tag="260" ind1=" " ind2=" ">
<subfield code="6">880-02</subfield>
<subfield code="a">[Beirut] :</subfield>
<subfield code="b">Jāmiʻat Bayrūt al-Amīrikīyah,</subfield>
<subfield code="c">1962.</subfield>
</datafield>
<datafield tag="300" ind1=" " ind2=" ">
<subfield code="a">446 p. ;</subfield>
<subfield code="c">24 cm.</subfield>
</datafield>
<datafield tag="490" ind1="1" ind2=" ">
<subfield code="6">880-03</subfield>
<subfield code="a">Manshūrāt Kullīyat al-Ādāb wa-al-ʻUlūm.</subfield>
<subfield code="a">Silsilat al-ʻUlūm al-Sharqīyah ;</subfield>
<subfield code="v">al-ḥalqah 39</subfield>
</datafield>
<datafield tag="504" ind1=" " ind2=" ">
<subfield code="a">Includes bibliographical references (p. 432-446).</subfield>
</datafield>
<datafield tag="655" ind1=" " ind2="0">
<subfield code="a">Philosophical literature.</subfield>
</datafield>
<datafield tag="650" ind1=" " ind2="0">
<subfield code="a">Philosophy, Arab.</subfield>
</datafield>
<datafield tag="710" ind1="2" ind2=" ">
<subfield code="6">880-04</subfield>
<subfield code="a">American University of Beirut.</subfield>
<subfield code="b">Dept. of Arabic.</subfield>
</datafield>
<datafield tag="700" ind1="1" ind2=" ">
<subfield code="6">880-05</subfield>
<subfield code="a">Jurr, Khalīl.</subfield>
</datafield>
<datafield tag="880" ind1="0" ind2="2">
<subfield code="6">245-01/</subfield>
<subfield code="a">الفكر الفلسفي في مائة سنة /</subfield>
<subfield code="c">بقلم خليل الجر ... [وآخرين] ؛ أشرفت على إخراجه هيئة الدراسات العربية في الجامعة الأميركية.</subfield>
</datafield>
<datafield tag="880" ind1=" " ind2=" ">
<subfield code="6">260-02/</subfield>
<subfield code="a">[بيروت] :</subfield>
<subfield code="b">جامعة بيروت الأميركية،</subfield>
<subfield code="c">1962.</subfield>
</datafield>
<datafield tag="880" ind1="1" ind2=" ">
<subfield code="6">490-03/</subfield>
<subfield code="a">منشورات كلية الآداب والعلوم.</subfield>
<subfield code="a">سلسلة العلوم الشرقية ؛</subfield>
<subfield code="v">الحلقة 39</subfield>
</datafield>
<datafield tag="880" ind1="2" ind2=" ">
<subfield code="6">710-04/</subfield>
<subfield code="a">جامعة بيروت الأميركية.</subfield>
<subfield code="b">هيئة الدراسات العربية.</subfield>
</datafield>
<datafield tag="880" ind1="1" ind2=" ">
<subfield code="6">700-05/</subfield>
<subfield code="a">جر، خليل.</subfield>
</datafield>
<datafield tag="830" ind1=" " ind2="0">
<subfield code="a">Publication of the Faculty of Arts and Sciences.</subfield>
<subfield code="p">Oriental series ;</subfield>
<subfield code="v">no. 39.</subfield>
</datafield>
<datafield tag="OWN" ind1=" " ind2=" ">
<subfield code="a">GENERAL</subfield>
</datafield>
<datafield tag="998" ind1=" " ind2=" ">
<subfield code="a">20010429</subfield>
<subfield code="d">20010429</subfield>
<subfield code="d">20010429</subfield>
<subfield code="n">NNU</subfield>
<subfield code="s">6</subfield>
<subfield code="t">c</subfield>
<subfield code="z">e</subfield>
</datafield>
<datafield tag="AVA" ind1=" " ind2=" ">
<subfield code="a">NYU50</subfield>
<subfield code="b">BOBST</subfield>
<subfield code="c">Main Collection</subfield>
<subfield code="d">PJ25 .A6 no.39</subfield>
<subfield code="e">unavailable</subfield>
<subfield code="t">Unavailable</subfield>
<subfield code="f">1</subfield>
<subfield code="g">1</subfield>
<subfield code="h">N</subfield>
<subfield code="i">0</subfield>
<subfield code="j">MAIN</subfield>
<subfield code="k">0</subfield>
</datafield>
</record>
